%1
@InProceedings{Zakharchenko,
  Title                    = {Организация интерфейса между АСУТП и MES / ERP-системами в распределённой среде предприятия}, 
  Author                   = {В. Е. Захарченко},
  Publisher                = {Мир компьютерной автоматизации},
  Year                     = {2005},
  number                   = {4},    
  pages                    = {20-22},
  language                 = {russian},
}

%9
@MISC{AIDL1,
    Title                  = {AIDL (Android Interface Definition Language) и коммуникация между процессами (IPC) [Электронный ресурс]},
    Note                   = {Режим доступа: \url{https://habrahabr.ru/post/139432/}. -- Дата доступа: 25.03.2018},
    language                 = {russian},
    Timestamp              = {2018.03.25},
}

%10
@MISC{AIDL2,
    Title                  = {Android Interface Definition Language [Electronic resource]},
    Note                   = {Mode of access: \url{https://developer.android.com/guide/components/aidl.html}. -- Date of access: 25.03.2018},
    language                 = {english},
    Timestamp              = {2018.03.25},
}

%14
@MISC{CORBA1,
    Title                  = {Corba [Electronic resource]},
    Note                   = {Mode of access: \url{http://www.omg.org/corba/omg_idl.htm}. -- Date of access: 25.03.2018},
    language                 = {english},
    Timestamp              = {2018.03.25},
}

%24
@MISC{PDL,
    Title                  = {Pdl [Electronic resource]},
    Note                   = {Mode of access: \url{http://www.agat.by/products/defence-products/technology/pdl/}. -- Date of access: 25.03.2018},
    language                 = {english},
    Timestamp              = {2018.03.25},
}

%11
@MISC{AIDL3,
    Title                  = {ANDROID SERVICES AND AIDL [Electronic resource]},
    Note                   = {Mode of access: \url{http://devarea.com/android-services-and-aidl/#.Wt8PLohuZPZ}. -- Date of access: 25.03.2018},
    language                 = {english},
    Timestamp              = {2018.03.25},
}

%15
@MISC{Corba2,
    Title                  = {CORBA [Electronic resource]},
    Note                   = {Mode of access: \url{http://www.ois.com/Products/what-is-corba.html}. -- Date of access: 25.03.2018},
    language                 = {english},
    Timestamp              = {2018.03.25},
}

%17
@MISC{DCE,
    Title                  = {Introduction to DCE [Electronic resource]},
    Note                   = {Mode of access: \url{http://www-01.ibm.com/software/network/dce/library/publications/dceaix_22/a3u2s/A3U2SM21.HTM}. -- Date of access: 25.03.2018},
    language                 = {english},
    Timestamp              = {2018.03.25},
}

%8
@MISC{IDL4,
    Title                  = {Method Calls On IDLcomIDispatch Objects [Electronic resource]},
    Note                   = {Mode of access: \url{http://www.harrisgeospatial.com/docs/MethodCallsOnIDLcomIDispatchObjects.html}. -- Date of access: 25.03.2018},
    language                 = {english},
    Timestamp              = {2018.03.25},
}

%22
@MISC{COMIDL,
    Title                  = {COM-IDL Data Type Mapping [Electronic resource]},
    Note                   = {Mode of access: \url{http://northstar-www.dartmouth.edu/doc/idl/html_6.2/COM-IDL_Data_Type_Mapping.html}. -- Date of access: 25.03.2018},
    language                 = {english},
    Timestamp              = {2018.03.25},
}

%12
@MISC{AIDL4,
    Title                  = {Deep Dive into Android IPC/Binder Framework at Android Builders Summit 2013 [Electronic resource]},
    Note                   = {Mode of access: \url{https://events.static.linuxfound.org/images/stories/slides/abs2013_gargentas.pdf}. -- Date of access: 17.05.2018},
    language                 = {english},
    Timestamp              = {2018.03.25},
}

%5
@Book{IDL1,
  Title                    = {Practical IDL Programming}, 
  Author                   = {L. E. Gumley},
  Publisher                = {Morgan Kaufmann},
  Year                     = {2001},
  pages                    = {511},
  edition                  = {1st},    
  language                 = {english},
}

%6
@Book{IDL2,
  Title                    = {IDL Programming Techniques}, 
  Author                   = {D. W. Fanning},
  Publisher                = {Fanning Software Consulting},
  Year                     = {2000},
  pages                    = {445},
  edition                  = {2st},    
  language                 = {english},
}

%7
@Book{IDL3,
  Title                    = {An Introduction to Programming with IDL}, 
  Author                   = {K. P. Bowman},
  Publisher                = {Academic Press},
  Year                     = {2005},
  pages                    = {304},
  edition                  = {1st},    
  language                 = {english},
}

%16
@Book{RPC,
  Title                    = {Power Programming with RPC (Nutshell Handbooks)}, 
  Author                   = {J. Bloomer},
  Publisher                = {O'Reilly \& Associates},
  Year                     = {1992},
  pages                    = {522},
  edition                  = {1st},    
  language                 = {english},
}

%18
@Book{doe:Dce,
  Title                    = {Dce: A Guide to Developing Portable Applications}, 
  Author                   = {M. T. Peterson},
  Publisher                = {Computing McGraw-Hill},
  Year                     = {1995},
  pages                    = {608},
  edition                  = {1st},    
  language                 = {english},
}

%19
@Book{Guide_Dce,
  Title                    = {Guide to Writing DCE Applications}, 
  Author                   = {W. Hu and D. Magid and J. Shirley},
  Publisher                = {O'Reilly Media},
  series = {Osf Distributed Computing Environment},
  Year                     = {1992},
  pages                    = {459},
  edition                  = {2st},    
  language                 = {english},
}

%13
@MISC{Corba,
    Title                  = {CORBA explained simply [Electronic resource]},
    Note                   = {Mode of access: \url{http://docenti.ing.unipi.it/~a009435/issw/extra/CORBAbook.pdf}. -- Date of access: 17.05.2018},
    language                 = {english},
    Timestamp              = {2018.03.25},
}

%3
@Book{Denisenko,
  Title                    = {Компьютерное  управление технологическим процессом, экспериментом, оборудованием}, 
  Author                   = {В. В. Денисенко},
  Publisher                = {М.: Горячая линия–Телеком},
  Year                     = {2014},
  pages                    = {608},
  language                 = {russian},
}

%4
@Book{Antimirov,
  Title                    = {Проектирование аппаратуры систем автоматического управления : учебное пособие : в 2 ч. Ч. 1 : Создание САУ}, 
  Author                   = {В. М. Антимиров},
  Publisher                = {Екатеринбург : Изд-во Урал. ун-та},
  Year                     = {2015},
  pages                    = {92},
  language                 = {russian},
}

@Book{Felke,
  Title                    = {Большая книга веб-дизайна : пер. с англ.}, 
  Author                   = {Т. Фельке-Моррис},
  Publisher                = {М.: Эксмо},
  Year                     = {2012},
  pages                    = {608},
  language                 = {russian},
}

%2
@MISC{ASU,
    Title                  = {Проектирование АСУ ТП [Электронный ресурс]},
    Note                   = {Режим доступа: \url{http://arman-engineering.ru/info_center/articles/888}. -- Дата доступа: 30.03.2018},
    language                 = {russian},
    Timestamp              = {2018.03.30},
}

%23
@MISC{OMG2,
    Title                  = {10 Introduction to OMG IDL [Electronic resource]},
    Note                   = {Mode of access: \url{https://mhanckow.students.wmi.amu.edu.pl/corba/IDL.html}. -- Date of access: 17.05.2018},
    language                 = {english},
    Timestamp              = {2018.03.25},
}

%25
@Book{Economics,
  title     = {Экономическое обоснование проекта по разработке программного обеспечения},
  publisher = {БГУИР},
  year      = {2018},
  author    = {В. Г. Горовой and А. В. Грицай and В. А. Пархименко},
  numpages  = {12},
  address   = {Минск},
  language  = {russian}
}

@book{stp,
  title     = {СТП 01-2017. Стандарт предприятия. Дипломные проекты (работы). Общие требования},
  author    = {А. Т. Доманов and Н. И. Сорока},
  publisher = {БГУИР},
  year      = {2017},
  numpages  = {169},
  address   = {Минск},
  language  = {russian}
}

%20
@MISC{MIDL1,
    Title                  = {Microsoft Interface Definition Language [Electronic resource]},
    Note                   = {Mode of access: \url{https://msdn.microsoft.com/en-us/library/windows/desktop/aa367091}. -- Date of access: 17.05.2018},
    language                 = {english},
    Timestamp              = {2018.03.25},
}

%21
@MISC{MIDL2,
    Title                  = {MIDL (Microsoft Interface Definition Language) [Electronic resource]},
    Note                   = {Mode of access: \url{https://ru.bmstu.wiki/MIDL_(Microsoft_Interface_Definition_Language)}. -- Date of access: 17.05.2018},
    language                 = {english},
    Timestamp              = {2018.03.25},
}